<record><leader>00000cas a22000007a 4500</leader><controlfield tag="001">18501893</controlfield><controlfield tag="008">880919d19251926aruwr ne      0    0eng d</controlfield><datafield ind1=" " ind2=" " tag="010"><subfield code="a">sn 88051086 </subfield></datafield><datafield ind1=" " ind2=" " tag="040"><subfield code="a">ANU</subfield><subfield code="b">eng</subfield><subfield code="c">ANU</subfield><subfield code="d">OCLCQ</subfield></datafield><datafield ind1=" " ind2=" " tag="042"><subfield code="a">msc</subfield></datafield><datafield ind1="0" ind2="4" tag="245"><subfield code="a">The Madison County record and the mountain air.</subfield></datafield><datafield ind1="1" ind2="3" tag="246"><subfield code="a">Madison County record</subfield></datafield><datafield ind1="1" ind2="3" tag="246"><subfield code="a">Mountain air</subfield></datafield><datafield ind1="1" ind2="7" tag="246"><subfield code="a">Madison County record and mountain air</subfield></datafield><datafield ind1=" " ind2=" " tag="260"><subfield code="a">Huntsville, Ark. :</subfield><subfield code="b">Alfred Hawn ;</subfield><subfield code="a">St. Paul, Ark. :</subfield><subfield code="b">H.J. White</subfield></datafield><datafield ind1=" " ind2=" " tag="300"><subfield code="a">v.</subfield></datafield><datafield ind1=" " ind2=" " tag="310"><subfield code="a">Weekly</subfield></datafield><datafield ind1="1" ind2=" " tag="362"><subfield code="a">Began in 1925; ceased in 1926.</subfield></datafield><datafield ind1=" " ind2=" " tag="588"><subfield code="a">Description based on: Vol. 38, no. 51 (June 20, 1925).</subfield></datafield><datafield ind1=" " ind2=" " tag="752"><subfield code="a">United States</subfield><subfield code="b">Arkansas</subfield><subfield code="c">Madison</subfield><subfield code="d">Huntsville.</subfield></datafield><datafield ind1=" " ind2=" " tag="752"><subfield code="a">United States</subfield><subfield code="b">Arkansas</subfield><subfield code="c">Madison</subfield><subfield code="d">Saint Paul.</subfield></datafield><datafield ind1="0" ind2="4" tag="780"><subfield code="t">Madison County record (Huntsville, Ark. : 1919)</subfield><subfield code="w">(DLC)sn 88051085</subfield></datafield><datafield ind1="0" ind2="4" tag="780"><subfield code="t">Mountain air (Saint Paul, Ark. : 1899)</subfield><subfield code="w">(DLC)sn 88051089</subfield></datafield><datafield ind1="0" ind2="6" tag="785"><subfield code="t">Madison County record (Huntsville, Ark. : 1926)</subfield><subfield code="w">(DLC)sn 88051087</subfield></datafield><datafield ind1="0" ind2="6" tag="785"><subfield code="t">Mountain air (Saint Paul, Ark. : 1926)</subfield><subfield code="w">(DLC)sn 88051088</subfield></datafield></record>